<record><leader>00000cas a22000007a 4500</leader><controlfield tag="001">9554805</controlfield><controlfield tag="008">830527d19uu1963cauwr ne      0   b0fre d</controlfield><datafield ind1=" " ind2=" " tag="010"><subfield code="a">sn 83045633 </subfield></datafield><datafield ind1=" " ind2=" " tag="040"><subfield code="a">CRL</subfield><subfield code="b">eng</subfield><subfield code="c">CRL</subfield><subfield code="d">NPW</subfield><subfield code="d">PPM</subfield><subfield code="d">NSD</subfield><subfield code="d">CNK</subfield><subfield code="d">OCLCQ</subfield><subfield code="d">OCLCF</subfield><subfield code="d">OCLCO</subfield></datafield><datafield ind1="0" ind2=" " tag="022"><subfield code="a">1053-3990</subfield><subfield code="l">1053-3990</subfield><subfield code="2">1</subfield></datafield><datafield ind1="1" ind2=" " tag="029"><subfield code="a">AU@</subfield><subfield code="b">000025816464</subfield></datafield><datafield ind1=" " ind2=" " tag="042"><subfield code="a">msc</subfield><subfield code="a">nsdp</subfield></datafield><datafield ind1=" " ind2=" " tag="043"><subfield code="a">n-us---</subfield></datafield><datafield ind1="1" ind2="0" tag="082"><subfield code="a">071</subfield><subfield code="2">12</subfield></datafield><datafield ind1="0" ind2=" " tag="210"><subfield code="a">Courr fr. E&#769;.-U.</subfield></datafield><datafield ind1=" " ind2="3" tag="222"><subfield code="a">Le Courrier franc&#807;ais des E&#769;tats-Unis</subfield></datafield><datafield ind1="0" ind2="3" tag="245"><subfield code="a">Le Courrier franc&#807;ais des E&#769;tats-Unis.</subfield></datafield><datafield ind1=" " ind2=" " tag="260"><subfield code="a">San Francisco, Calif. :</subfield><subfield code="b">[s.n.]</subfield></datafield><datafield ind1=" " ind2=" " tag="300"><subfield code="a">v.</subfield></datafield><datafield ind1=" " ind2=" " tag="310"><subfield code="a">Weekly,</subfield><subfield code="b">Nov. 12, 1947-</subfield></datafield><datafield ind1=" " ind2=" " tag="321"><subfield code="a">Semiweekly,</subfield><subfield code="b">-Nov. 7, 1947</subfield></datafield><datafield ind1="1" ind2=" " tag="362"><subfield code="a">Began in 1941?; ceased on Sept. 12, 1963.</subfield></datafield><datafield ind1=" " ind2=" " tag="546"><subfield code="a">In French.</subfield></datafield><datafield ind1=" " ind2=" " tag="588"><subfield code="a">Description based on: Vol. 24, no. 68 (Aug. 26, 1941).</subfield></datafield><datafield ind1=" " ind2="0" tag="650"><subfield code="a">French</subfield><subfield code="z">United States</subfield><subfield code="v">Newspapers.</subfield></datafield><datafield ind1=" " ind2="7" tag="655"><subfield code="a">Newspapers.</subfield><subfield code="2">fast</subfield><subfield code="0">(OCoLC)fst01423814</subfield></datafield><datafield ind1=" " ind2="7" tag="650"><subfield code="a">French.</subfield><subfield code="2">fast</subfield><subfield code="0">(OCoLC)fst00934209</subfield></datafield><datafield ind1=" " ind2="7" tag="651"><subfield code="a">United States.</subfield><subfield code="2">fast</subfield><subfield code="0">(OCoLC)fst01204155</subfield></datafield><datafield ind1=" " ind2=" " tag="752"><subfield code="a">United States</subfield><subfield code="b">California</subfield><subfield code="c">San Francisco</subfield><subfield code="d">San Francisco.</subfield></datafield><datafield ind1="0" ind2="5" tag="780"><subfield code="t">Courrier du Pacifique</subfield><subfield code="w">(DLC)sn 83045632</subfield></datafield></record>